@article{Joppa17052013,
    author = {Joppa, Lucas N. and McInerny, Greg and Harper, Richard and Salido, Lara and Takeda, Kenji and O'Hara, Kenton and Gavaghan, David and Emmott, Stephen},
    citeulike-article-id = {12372542},
    citeulike-linkout-0 = {http://dx.doi.org/10.1126/science.1231535},
    citeulike-linkout-1 = {http://www.sciencemag.org/content/340/6134/814.short},
    journal = {Science},
    keywords = {*file-import-13-05-27},
    number = {6134},
    pages = {814--815},
    posted-at = {2013-05-27 18:46:51},
    priority = {2},
    title = {{Troubling Trends in Scientific Software Use}},
    volume = {340},
    year = {2013}
}



@article{Yalta:2010xq,
    author = {Yalta, A.~Talha and Yalta, A.~Yasemin},
    citeulike-article-id = {12371913},
    journal = {Computational Economics},
    keywords = {open, source, *file-import-13-05-27},
    pages = {371--394},
    posted-at = {2013-05-27 18:28:13},
    priority = {2},
    title = {{Should economists use open source software for doing research?}},
    volume = {35},
    year = {2010}
}


@book{Moody:2001vg,
    address = {London},
    author = {Moody, Glyn},
    citeulike-article-id = {12371722},
    keywords = {open, ors, source, *file-import-13-05-27},
    posted-at = {2013-05-27 18:28:04},
    priority = {2},
    publisher = {Penguin Press},
    title = {{Rebel Code: Linux and the open source revolution}},
    year = {2001}
}

@article{Rey:2009xy,
    author = {Rey, S. J.},
    citeulike-article-id = {12371383},
    journal = {Journal of Geographical Systems},
    keywords = {open, ors, source, *file-import-13-05-27},
    pages = {191--207},
    posted-at = {2013-05-27 18:27:09},
    priority = {2},
    title = {{Show me the code: Spatial analysis and open source}},
    volume = {11},
    year = {2009}
}

@CONFERENCE{Rey2012osgres,
  author = {Rey, S.J.},
  title = {Open source spatial data analysis: Lesson for education and research
	from {PySAL}},
  booktitle = {Open Source Geospatial Research and Education Symposium},
  year = {2012},
  address = {Yverdon-les-Bains, Switzerland},
  owner = {serge},
  timestamp = {2013.09.05}
}

